<collection xmlns="http://www.loc.gov/MARC21/slim"><record><leader>00711nam  2200217   450</leader><controlfield tag="001">973</controlfield><controlfield tag="003">http://montalegre.opacnet.com/OPAC/default.aspx?ContentAreaControl=ShowRegHoldings.ascx&amp;RegNo=16662</controlfield><datafield tag="100" ind1=" " ind2=" "><subfield code="a">19930819d1993    m  y0pory010305  ba</subfield></datafield><datafield tag="101" ind1="1" ind2=" "><subfield code="a">por</subfield><subfield code="c">eng</subfield></datafield><datafield tag="102" ind1=" " ind2=" "><subfield code="a">PT</subfield></datafield><datafield tag="105" ind1=" " ind2=" "><subfield code="a">y   z   000ay</subfield></datafield><datafield tag="106" ind1=" " ind2=" "><subfield code="a">r</subfield></datafield><datafield tag="200" ind1="1" ind2=" "><subfield code="a">&lt;A &gt;pousada da Jamaica</subfield><subfield code="f">Daphane du Maurier</subfield><subfield code="g">trad. Eduardo Saló</subfield></datafield><datafield tag="210" ind1=" " ind2=" "><subfield code="a">[Lisboa]</subfield><subfield code="c">Círculo de Leitores</subfield></datafield><datafield tag="215" ind1=" " ind2=" "><subfield code="a">285 p.</subfield><subfield code="d">21 cm</subfield></datafield><datafield tag="304" ind1=" " ind2=" "><subfield code="a">Tít. orig.: Jamaica Inn</subfield></datafield><datafield tag="675" ind1=" " ind2=" "><subfield code="a">821.111(73)-31"19"</subfield><subfield code="v">BN</subfield><subfield code="z">por</subfield></datafield><datafield tag="700" ind1=" " ind2="1"><subfield code="a">Du Maurier</subfield><subfield code="b">Daphne</subfield><subfield code="f">1907-1989</subfield></datafield><datafield tag="702" ind1=" " ind2="1"><subfield code="a">Saló</subfield><subfield code="b">Eduardo</subfield><subfield code="4">730</subfield></datafield><datafield tag="801" ind1=" " ind2="0"><subfield code="a">PT</subfield><subfield code="b">Biblioteca Municipal de Montalegre</subfield><subfield code="g">RPC</subfield></datafield><datafield tag="856" ind1=" " ind2=" "><subfield code="u">locateMedia.asp?cod=20060704161332&amp;ext=jpg</subfield><subfield code="z">CAPA</subfield></datafield><datafield tag="909" ind1="&#9;" ind2=" "><subfield code="a">1</subfield></datafield><datafield tag="966" ind1=" " ind2=" "><subfield code="a">0009024</subfield><subfield code="l">BMM</subfield><subfield code="s">SCG 821 MAU pus 172</subfield></datafield></record></collection>